@article{worldbank:gdp,
  title={GDP (current US\$)},
  author={World Bank},
  journal={World Development Indicators},
  year={2018},
  url={https://data.worldbank.org/indicator/NY.GDP.MKTP.CD}
}

@article{mendeley:peace,
  title = {Global Peace Index for 163 countries covering 2008-2023},
  author = {Ali Gokhan Yucel, Emrah Ko√ßak},
  journal = {Mendeley Data},
  year = {2023},
  url={https://data.mendeley.com/datasets/yjxnfkcv4h/1}
}

@article{ai-trust,
  author = { Hiralal B. Solunke, Sonal P. Patil, Shital S. Jadhav },
  title = { A Survey on methods of Trustworthiness towards Artificial Intelligence },
  journal = { International Journal of Computer Applications },
  issue_date = { Sep 2021 },
  volume = { 183 },
  number = { 26 },
  month = { Sep },
  year = { 2021 },
  issn = { 0975-8887 },
  pages = { 5-8 },
  numpages = {9},
  url = { https://ijcaonline.org/archives/volume183/number26/32089-2021921635/ },
  doi = { 10.5120/ijca2021921635 },
  publisher = {Foundation of Computer Science (FCS), NY, USA},
  address = {New York, USA}
}